@Manual{R-base,
  title = {R: A Language and Environment for Statistical Computing},
  author = {{R Core Team}},
  organization = {R Foundation for Statistical Computing},
  address = {Vienna, Austria},
  year = {2015},
  url = {https://www.R-project.org/},
}
@Manual{R-boot,
  title = {boot: Bootstrap Functions (Originally by Angelo Canty for S)},
  author = {Angelo Canty and Brian Ripley},
  year = {2015},
  note = {R package version 1.3-17},
  url = {http://CRAN.R-project.org/package=boot},
}
@Manual{R-e1071,
  title = {e1071: Misc Functions of the Department of Statistics, Probability
Theory Group (Formerly: E1071), TU Wien},
  author = {David Meyer and Evgenia Dimitriadou and Kurt Hornik and Andreas Weingessel and Friedrich Leisch},
  year = {2015},
  note = {R package version 1.6-7},
  url = {http://CRAN.R-project.org/package=e1071},
}
@Manual{R-ggplot2,
  title = {ggplot2: An Implementation of the Grammar of Graphics},
  author = {Hadley Wickham and Winston Chang},
  year = {2015},
  note = {R package version 1.0.1},
  url = {http://CRAN.R-project.org/package=ggplot2},
}
@Manual{R-knitr,
  title = {knitr: A General-Purpose Package for Dynamic Report Generation in R},
  author = {Yihui Xie},
  year = {2015},
  note = {R package version 1.11},
  url = {http://CRAN.R-project.org/package=knitr},
}
@Manual{R-lattice,
  title = {lattice: Trellis Graphics for R},
  author = {Deepayan Sarkar},
  year = {2015},
  note = {R package version 0.20-33},
  url = {http://CRAN.R-project.org/package=lattice},
}
@Manual{R-mapproj,
  title = {mapproj: Map Projections},
  author = {Doug McIlroy and Ray Brownrigg and Thomas P Minka and Roger Bivand},
  year = {2015},
  note = {R package version 1.2-4},
  url = {http://CRAN.R-project.org/package=mapproj},
}
@Manual{R-maps,
  title = {maps: Draw Geographical Maps},
  author = {Ray Brownrigg},
  year = {2015},
  note = {R package version 3.0.0-2},
  url = {http://CRAN.R-project.org/package=maps},
}
@Manual{R-MASS,
  title = {MASS: Support Functions and Datasets for Venables and Ripley's MASS},
  author = {Brian Ripley},
  year = {2015},
  note = {R package version 7.3-44},
  url = {http://CRAN.R-project.org/package=MASS},
}
@Manual{R-PASWR,
  title = {PASWR: PROBABILITY and STATISTICS WITH R},
  author = {Alan T. Arnholt},
  year = {2012},
  note = {R package version 1.1},
  url = {http://CRAN.R-project.org/package=PASWR},
}
@Manual{R-randomForest,
  title = {randomForest: Breiman and Cutler's Random Forests for Classification and
Regression},
  author = {Leo Breiman and Adele Cutler and Andy Liaw and Matthew Wiener},
  year = {2015},
  note = {R package version 4.6-12},
  url = {http://CRAN.R-project.org/package=randomForest},
}
@Manual{R-xtable,
  title = {xtable: Export tables to LaTeX or HTML},
  author = {David B. Dahl},
  year = {2014},
  note = {R package version 1.7-4},
  url = {http://CRAN.R-project.org/package=xtable},
}
