
@article{arnholt_third_2002,
	title = {A ‘{Third} {Hand}’ for {Endoscopic} {Skull} {Base} {Surgery}},
	volume = {112},
	copyright = {Copyright © 2002 The Triological Society},
	issn = {1531-4995},
	url = {http://0-onlinelibrary.wiley.com.wncln.wncln.org/doi/10.1097/00005537-200212000-00021/abstract},
	doi = {10.1097/00005537-200212000-00021},
	language = {en},
	number = {12},
	urldate = {2015-08-23},
	journal = {The Laryngoscope},
	author = {Arnholt, Jonathan L. and Mair, Eric A.},
	month = dec,
	year = {2002},
	pages = {2244--2249},
	file = {Full Text PDF:/Users/alan/Library/Application Support/Firefox/Profiles/rvi3l9fn.default/zotero/storage/KM7H2WWP/Arnholt and Mair - 2002 - A ‘Third Hand’ for Endoscopic Skull Base Surgery.pdf:application/pdf;Snapshot:/Users/alan/Library/Application Support/Firefox/Profiles/rvi3l9fn.default/zotero/storage/9ZCJV4ZV/abstract.html:text/html}
}

@article{abadie_dysgenesis_2010,
	title = {Dysgenesis of the middle turbinate: {A} unique cause of nasal airway obstruction},
	volume = {143},
	issn = {0194-5998, 1097-6817},
	shorttitle = {Dysgenesis of the middle turbinate},
	url = {http://0-oto.sagepub.com.wncln.wncln.org/content/143/2/317},
	doi = {10.1016/j.otohns.2010.02.020},
	language = {en},
	number = {2},
	urldate = {2015-08-23},
	journal = {Otolaryngology -- Head and Neck Surgery},
	author = {Abadie, Wesley M. and Arnholt, Jonathan L. and Miller, Lee A.},
	month = aug,
	year = {2010},
	pmid = {20647146},
	pages = {317--318},
	file = {Full Text PDF:/Users/alan/Library/Application Support/Firefox/Profiles/rvi3l9fn.default/zotero/storage/NAX392GI/Abadie et al. - 2010 - Dysgenesis of the middle turbinate A unique cause.pdf:application/pdf;Snapshot:/Users/alan/Library/Application Support/Firefox/Profiles/rvi3l9fn.default/zotero/storage/8IFXBJXQ/317.html:text/html}
}

@article{lopez_safety_2007,
	title = {Safety of {Definitive} {In}-{Theater} {Repair} of {Facial} {Fractures}},
	volume = {9},
	issn = {1521-2491},
	url = {http://0-archfaci.jamanetwork.com.wncln.wncln.org/article.aspx?articleid=481177&resultclick=1},
	doi = {10.1001/archfaci.9.6.400},
	abstract = {Objective  To determine the safety of definitive in-theater facial fracture repair on American military personnel wounded during Operation Iraqi Freedom.Methods  A retrospective review of all patients with head and neck trauma treated at the 322nd Expeditionary Medical Group/Air Force Theater...},
	number = {6},
	urldate = {2015-08-23},
	journal = {Archives of Facial Plastic Surgery},
	author = {Lopez, Manuel A. and Arnholt, Jonathan L.},
	month = nov,
	year = {2007},
	pages = {400--405},
	file = {Full Text PDF:/Users/alan/Library/Application Support/Firefox/Profiles/rvi3l9fn.default/zotero/storage/JF6NRSAP/Lopez and Arnholt - 2007 - Safety of Definitive In-Theater Repair of Facial F.pdf:application/pdf;Snapshot:/Users/alan/Library/Application Support/Firefox/Profiles/rvi3l9fn.default/zotero/storage/U2A5R7E4/article.html:text/html}
}