@Manual{R-ggplot2,
  title = {ggplot2: An Implementation of the Grammar of Graphics},
  author = {Hadley Wickham and Winston Chang},
  year = {2015},
  note = {R package version 1.0.1},
  url = {http://CRAN.R-project.org/package=ggplot2},
}
@Manual{R-knitr,
  title = {knitr: A General-Purpose Package for Dynamic Report Generation in R},
  author = {Yihui Xie},
  year = {2015},
  note = {R package version 1.11},
  url = {http://CRAN.R-project.org/package=knitr},
}
@Manual{R-PASWR2,
  title = {PASWR2: Probability and Statistics with R, Second Edition},
  author = {Alan T. Arnholt},
  year = {2014},
  note = {R package version 1.0},
  url = {http://CRAN.R-project.org/package=PASWR2},
}
@Manual{R-PDS,
  title = {PDS: Data Sets for Passion Driven Statistics},
  author = {Alan T. Arnholt},
  year = {2015},
  note = {R package version 0.1.2},
}
@Manual{R-rmarkdown,
  title = {rmarkdown: Dynamic Documents for R},
  author = {JJ Allaire and Joe Cheng and Yihui Xie and Jonathan McPherson and Winston Chang and Jeff Allen and Hadley Wickham and Aron Atkins and Rob Hyndman},
  year = {2015},
  note = {R package version 0.8.1},
  url = {http://CRAN.R-project.org/package=rmarkdown},
}
